<record><leader>00000cas a22000007a 4500</leader><controlfield tag="001">20389130</controlfield><controlfield tag="008">890925c19869999mnuwr ne      0   a0eng d</controlfield><datafield ind1=" " ind2=" " tag="010"><subfield code="a">sn 89064119 </subfield></datafield><datafield ind1=" " ind2=" " tag="040"><subfield code="a">MN#</subfield><subfield code="b">eng</subfield><subfield code="c">MN#</subfield><subfield code="d">NSD</subfield><subfield code="d">OCLCQ</subfield><subfield code="d">OCLCF</subfield><subfield code="d">OCLCO</subfield></datafield><datafield ind1=" " ind2=" " tag="012"><subfield code="m">y</subfield></datafield><datafield ind1="1" ind2=" " tag="022"><subfield code="a">1095-8983</subfield><subfield code="l">1095-8983</subfield><subfield code="y">8750-0787</subfield><subfield code="2">1</subfield></datafield><datafield ind1="1" ind2=" " tag="029"><subfield code="a">AU@</subfield><subfield code="b">000020584390</subfield></datafield><datafield ind1=" " ind2=" " tag="032"><subfield code="a">245440</subfield><subfield code="b">USPS</subfield></datafield><datafield ind1=" " ind2=" " tag="042"><subfield code="a">msc</subfield><subfield code="a">nsdp</subfield></datafield><datafield ind1=" " ind2=" " tag="043"><subfield code="a">n-us-mn</subfield></datafield><datafield ind1=" " ind2=" " tag="052"><subfield code="a">4144</subfield><subfield code="b">H64</subfield></datafield><datafield ind1=" " ind2=" " tag="052"><subfield code="a">4143</subfield><subfield code="b">R7</subfield></datafield><datafield ind1="0" ind2=" " tag="130"><subfield code="a">Hills crescent (Hills, Minn. : 1986)</subfield></datafield><datafield ind1=" " ind2="0" tag="222"><subfield code="a">Hills crescent</subfield><subfield code="b">(Hills, Minn. 1986)</subfield></datafield><datafield ind1="1" ind2="4" tag="245"><subfield code="a">The Hills crescent.</subfield></datafield><datafield ind1=" " ind2=" " tag="260"><subfield code="a">Hills, Minn. :</subfield><subfield code="b">Preston Ver Meer,</subfield><subfield code="c">1986-</subfield></datafield><datafield ind1=" " ind2=" " tag="300"><subfield code="a">v.</subfield></datafield><datafield ind1=" " ind2=" " tag="310"><subfield code="a">Weekly</subfield></datafield><datafield ind1="0" ind2=" " tag="362"><subfield code="a">Vol. 93, issue 40 (Oct. 2, 1986)-</subfield></datafield><datafield ind1=" " ind2=" " tag="530"><subfield code="a">Available on microfilm from the Minnesota Historical Society.</subfield></datafield><datafield ind1=" " ind2="0" tag="651"><subfield code="a">Hills (Minn.)</subfield><subfield code="v">Newspapers.</subfield></datafield><datafield ind1=" " ind2="7" tag="655"><subfield code="a">Newspapers.</subfield><subfield code="2">fast</subfield><subfield code="0">(OCoLC)fst01423814</subfield></datafield><datafield ind1=" " ind2="7" tag="651"><subfield code="a">Minnesota</subfield><subfield code="z">Hills.</subfield><subfield code="2">fast</subfield><subfield code="0">(OCoLC)fst01254500</subfield></datafield><datafield ind1=" " ind2=" " tag="752"><subfield code="a">United States</subfield><subfield code="b">Minnesota</subfield><subfield code="c">Rock</subfield><subfield code="d">Hills.</subfield></datafield><datafield ind1="0" ind2="0" tag="780"><subfield code="t">Rock County crescent</subfield><subfield code="x">8750-0787</subfield><subfield code="w">(DLC)sn 84007712</subfield></datafield></record>